@inproceedings{PA,
  author    = {Haris Aziz and
               Simon Mackenzie},
  title     = {A discrete and bounded envy-free cake cutting protocol for four agents},
  booktitle = {Proceedings of the 48th Annual {ACM} {SIGACT} Symposium on Theory
               of Computing, {STOC} 2016, Cambridge, MA, USA, June 18-21, 2016},
  pages     = {454--464},
  year      = {2016},
  url       = {https://doi.org/10.1145/2897518.2897522},
  doi       = {10.1145/2897518.2897522},
  timestamp = {Tue, 06 Nov 2018 11:07:06 +0100},
  biburl    = {https://dblp.org/rec/bib/conf/stoc/AzizM16},
  bibsource = {dblp computer science bibliography, https://dblp.org}
}