@inproceedings{Point86,
  author    = {Francoise Point},
  title     = {On the expansion ($\mathbb{N}$, $+$, $2^x$) of {P}resburger arithmetic},
  booktitle = {Proceedings of the Fourth Easter Conference on Model Theory, Gross Koris},
  pages     = {17--34},
  year      = {1986}
}

@article{Semenov84,
  doi       = {10.1070/im1984v022n03abeh001456},
  url       = {https://doi.org/10.1070/im1984v022n03abeh001456},
  year      = 1984,
  publisher = {{IOP} Publishing},
  volume    = {22},
  number    = {3},
  pages     = {587--618},
  author    = {A L Sem\"{e}nov},
  title     = {Logical Theories of One-Place Functions on the set of natural numbers},
  journal   = {Mathematics of the {USSR}-Izvestiya}
}
@inproceedings{abdulla2018trau,
	title={Trau: {SMT} solver for string constraints},
	author={Abdulla, Parosh Aziz and Atig, Mohamed Faouzi and Chen, Yu-Fang and Diep, Bui Phi and Hol{\'\i}k, Luk{\'a}{\v{s}} and Rezine, Ahmed and R{\"u}mmer, Philipp},
	booktitle={2018 Formal Methods in Computer Aided Design (FMCAD)},
	pages={1--5},
	year={2018},
	organization={IEEE}
}

@inproceedings{goudong2013pass,
  author    = {Guodong Li and
               Indradeep Ghosh},
  editor    = {Valeria Bertacco and
               Axel Legay},
  title     = {{PASS:} String Solving with Parameterized Array and Interval Automaton},
  booktitle = {Hardware and Software: Verification and Testing - 9th International
               Haifa Verification Conference, {HVC} 2013, Haifa, Israel, November
               5-7, 2013, Proceedings},
  series    = {Lecture Notes in Computer Science},
  volume    = {8244},
  pages     = {15--31},
  publisher = {Springer},
  year      = {2013}
}

@inproceedings{trinh2014s3,
  title={S3: A symbolic string solver for vulnerability detection in web applications},
  author={Trinh, Minh-Thai and Chu, Duc-Hiep and Jaffar, Joxan},
  booktitle={Proceedings of the 2014 ACM SIGSAC Conference on Computer and Communications Security},
  pages={1232--1243},
  year={2014},
  organization={ACM}
}

@article{chen2017decidable,
  title={What is decidable about string constraints with the ReplaceAll function},
  author={Chen, Taolue and Chen, Yan and Hague, Matthew and Lin, Anthony W and Wu, Zhilin},
  journal={Proceedings of the ACM on Programming Languages},
  volume={2},
  number={POPL},
  pages={3},
  year={2017},
  publisher={ACM}
}
@article{sloth,
  title={String constraints with concatenation and transducers solved efficiently},
  author={Hol{\'\i}k, Luk{\'a}{\v{s}} and Jank\r{u}, Petr and Lin, Anthony W and R{\"u}mmer, Philipp and Vojnar, Tom{\'a}{\v{s}}},
  journal={Proceedings of the ACM on Programming Languages},
  volume={2},
  number={POPL},
  pages={4},
  year={2017},
  publisher={ACM}
}

@inproceedings{cvc4Tool,
  title={{CVC}4},
  author={Barrett, Clark and Conway, Christopher L and Deters, Morgan and Hadarean, Liana and Jovanovi{\'c}, Dejan and King, Tim and Reynolds, Andrew and Tinelli, Cesare},
  booktitle={International Conference on Computer Aided Verification},
  pages={171--177},
  year={2011},
  organization={Springer}
}

@inproceedings{z3,
  title={Z3: An efficient SMT solver},
  author={De Moura, Leonardo and Bj{\o}rner, Nikolaj},
  booktitle={International conference on Tools and Algorithms for the Construction and Analysis of Systems},
  pages={337--340},
  year={2008},
  organization={Springer}
}

@inproceedings{zheng2013z3,
	title={{Z3-str}: A {Z3}-based string solver for web application analysis},
	author={Zheng, Yunhui and Zhang, Xiangyu and Ganesh, Vijay},
	booktitle={Proceedings of the 2013 9th Joint Meeting on Foundations of Software Engineering},
	pages={114--124},
	year={2013},
	organization={ACM}
}
@inproceedings{abdulla2015norn,
	title={Norn: An {SMT} solver for string constraints},
	author={Abdulla, Parosh Aziz and Atig, Mohamed Faouzi and Chen, Yu-Fang and Hol{\'\i}k, Luk{\'a}{\v{s}} and Rezine, Ahmed and R{\"u}mmer, Philipp and Stenman, Jari},
	booktitle={International Conference on Computer Aided Verification},
	pages={462--469},
	year={2015},
	organization={Springer}
}
@inproceedings{aydin2018parameterized,
	title={Parameterized model counting for string and numeric constraints},
		author={Aydin, Abdulbaki and Eiers, William and Bang, Lucas and Brennan, Tegan and Gavrilov, Miroslav and Bultan, Tevfik and Yu, Fang},
	booktitle={Proceedings of the 2018 26th ACM Joint Meeting on European Software Engineering Conference and Symposium on the Foundations of Software Engineering},
	pages={400--410},
	year={2018},
	organization={ACM}
}
@inproceedings{SaxenaAHMMS10,
  author    = {Prateek Saxena and
               Devdatta Akhawe and
               Steve Hanna and
               Feng Mao and
               Stephen McCamant and
               Dawn Song},
  title     = {A Symbolic Execution Framework for {JavaScript}},
  booktitle = {31st {IEEE} Symposium on Security and Privacy, S{\&}P 2010, 16-19
               May 2010, Berleley/Oakland, California, {USA}},
  pages     = {513--528},
  publisher = {{IEEE} Computer Society},
  year      = {2010},
  url       = {https://doi.org/10.1109/SP.2010.38},
  doi       = {10.1109/SP.2010.38},
  timestamp = {Wed, 16 Oct 2019 14:14:51 +0200},
  biburl    = {https://dblp.org/rec/conf/sp/SaxenaAHMMS10.bib},
  bibsource = {dblp computer science bibliography, https://dblp.org}
}
@article{KiezunGAGHE12,
  author    = {Adam Kiezun and
               Vijay Ganesh and
               Shay Artzi and
               Philip J. Guo and
               Pieter Hooimeijer and
               Michael D. Ernst},
  title     = {{HAMPI:} {A} solver for word equations over strings, regular expressions,
               and context-free grammars},
  journal   = {{ACM} Trans. Softw. Eng. Methodol.},
  volume    = {21},
  number    = {4},
  pages     = {25:1--25:28},
  year      = {2012},
  url       = {https://doi.org/10.1145/2377656.2377662},
  doi       = {10.1145/2377656.2377662},
  timestamp = {Tue, 06 Nov 2018 12:51:20 +0100},
  biburl    = {https://dblp.org/rec/journals/tosem/KiezunGAGHE12.bib},
  bibsource = {dblp computer science bibliography, https://dblp.org}
}

@inproceedings{DayGHMN18,
  author    = {Joel D. Day and
               Vijay Ganesh and
               Paul He and
               Florin Manea and
               Dirk Nowotka},
  editor    = {Igor Potapov and
               Pierre{-}Alain Reynier},
  title     = {The Satisfiability of Word Equations: Decidable and Undecidable Theories},
  booktitle = {Reachability Problems - 12th International Conference, {RP} 2018,
               Marseille, France, September 24-26, 2018, Proceedings},
  series    = {Lecture Notes in Computer Science},
  volume    = {11123},
  pages     = {15--29},
  publisher = {Springer},
  year      = {2018},
  url       = {https://doi.org/10.1007/978-3-030-00250-3\_2},
  doi       = {10.1007/978-3-030-00250-3\_2},
  timestamp = {Tue, 14 May 2019 10:00:51 +0200},
  biburl    = {https://dblp.org/rec/conf/rp/DayGHMN18.bib},
  bibsource = {dblp computer science bibliography, https://dblp.org}
}



@inproceedings{SSMH04,
  author    = {Helmut Seidl and
               Thomas Schwentick and
               Anca Muscholl and
               Peter Habermehl},
  title     = {Counting in Trees for Free},
  booktitle = {Automata, Languages and Programming: 31st International Colloquium,
               {ICALP} 2004, Turku, Finland, July 12-16, 2004. Proceedings},
  pages     = {1136--1149},
  year      = {2004},
  doi       = {10.1007/978-3-540-27836-8\_94},
}

@inproceedings{Parosh:20:PLDI,
  author    = {Parosh Aziz Abdulla and
               Mohamed Faouzi Atig and
               Yu{-}Fang Chen and
               Bui Phi Diep and
               Julian Dolby and
               Petr Janku and
               Hsin{-}Hung Lin and
               Luk{\'{a}}s Hol{\'{\i}}k and
               Wei{-}Cheng Wu},
  editor    = {Alastair F. Donaldson and
               Emina Torlak},
  title     = {Efficient handling of string-number conversion},
  booktitle = {Proceedings of the 41st {ACM} {SIGPLAN} International Conference on
               Programming Language Design and Implementation, {PLDI} 2020, London,
               UK, June 15-20, 2020},
  pages     = {943--957},
  publisher = {{ACM}},
  year      = {2020},
  url       = {https://doi.org/10.1145/3385412.3386034},
  doi       = {10.1145/3385412.3386034},
  timestamp = {Sun, 25 Oct 2020 22:43:28 +0100},
  biburl    = {https://dblp.org/rec/conf/pldi/AbdullaACDDJLHW20.bib},
  bibsource = {dblp computer science bibliography, https://dblp.org}
}

@inproceedings{yu2010stranger,
  title={Stranger: An automata-based string analysis tool for php},
  author={Yu, Fang and Alkhalaf, Muath and Bultan, Tevfik},
  booktitle={International Conference on Tools and Algorithms for the Construction and Analysis of Systems},
  pages={154--157},
  year={2010},
  organization={Springer}
}

@inproceedings{AbdullaACDHRR18,
  author    = {Parosh Aziz Abdulla and
               Mohamed Faouzi Atig and
               Yu{-}Fang Chen and
               Bui Phi Diep and
               Luk{\'{a}}s Hol{\'{\i}}k and
               Ahmed Rezine and
               Philipp R{\"{u}}mmer},
  editor    = {Nikolaj Bj{\o}rner and
               Arie Gurfinkel},
  title     = {Trau: {SMT} solver for string constraints},
  booktitle = {2018 Formal Methods in Computer Aided Design, {FMCAD} 2018, Austin,
               TX, USA, October 30 - November 2, 2018},
  pages     = {1--5},
  publisher = {{IEEE}},
  year      = {2018},
  url       = {https://doi.org/10.23919/FMCAD.2018.8602997},
  doi       = {10.23919/FMCAD.2018.8602997},
  timestamp = {Sun, 25 Oct 2020 22:53:48 +0100},
  biburl    = {https://dblp.org/rec/conf/fmcad/AbdullaACDHRR18.bib},
  bibsource = {dblp computer science bibliography, https://dblp.org}
}

@misc{ecmascript2019ecmascript,
  title={Ecmascript language specification},
  author={ECMAScript, ECMA and European Computer Manufacturers Association and others},
  url={https://www.ecma-international.org/ecma-262/},
  year={2019}
}

@inproceedings{AbdullaACDHRR17,
  author    = {Parosh Aziz Abdulla and
               Mohamed Faouzi Atig and
               Yu{-}Fang Chen and
               Bui Phi Diep and
               Luk{\'{a}}s Hol{\'{\i}}k and
               Ahmed Rezine and
               Philipp R{\"{u}}mmer},
  editor    = {Albert Cohen and
               Martin T. Vechev},
  title     = {Flatten and conquer: a framework for efficient analysis of string
               constraints},
  booktitle = {Proceedings of the 38th {ACM} {SIGPLAN} Conference on Programming
               Language Design and Implementation, {PLDI} 2017, Barcelona, Spain,
               June 18-23, 2017},
  pages     = {602--617},
  publisher = {{ACM}},
  year      = {2017},
  url       = {https://doi.org/10.1145/3062341.3062384},
  doi       = {10.1145/3062341.3062384},
  timestamp = {Tue, 29 Dec 2020 18:30:45 +0100},
  biburl    = {https://dblp.org/rec/conf/pldi/AbdullaACDHRR17.bib},
  bibsource = {dblp computer science bibliography, https://dblp.org}
}

@article{Cooper72,
  title={Theorem proving in arithmetic without multiplication},
  author={Cooper, David C},
  journal={Machine intelligence},
  volume={7},
  number={91-99},
  pages={300},
  year={1972}
}

@book{HW80,
      title     = "An Introduction to the Theory of Numbers (5th Edition)",
      author    = "G. H. Hardy, E. M. Wright",
      year      = 1980,
      publisher = "Oxford University Press",
}

@article{makanin77,
  title={The problem of solvability of equations in a free semigroup},
  author={Makanin, Gennadiy Semenovich},
  journal={Matematicheskii Sbornik},
  volume={145},
  number={2},
  pages={147--236},
  year={1977},
  publisher={Russian Academy of Sciences, Steklov Mathematical Institute of Russian~…}
}

@inproceedings{plandowski99,
  title={Satisfiability of word equations with constants is in PSPACE},
  author={Plandowski, Wojciech},
  booktitle={40th Annual Symposium on Foundations of Computer Science (Cat. No. 99CB37039)},
  pages={495--500},
  year={1999},
  organization={IEEE}
}


@inproceedings{Oppen73,
author = {Oppen, Derek C.},
title = {Elementary Bounds for {Presburger} Arithmetic},
year = {1973},
publisher = {Association for Computing Machinery},
address = {New York, NY, USA},
booktitle = {Proceedings of the Fifth Annual ACM Symposium on Theory of Computing},
pages = {34–37},
numpages = {4},
series = {STOC '73}
}

